<?xml version="1.0" encoding="UTF-8"?><collection xmlns="http://www.loc.gov/MARC21/slim"><record><leader>00436nam--2200145-i-4500</leader><controlfield tag="001">000001777</controlfield><controlfield tag="002">20161230</controlfield><controlfield tag="005">20161230201024</controlfield><controlfield tag="008">060222s1000------------r-----000-0-eng-d</controlfield><datafield ind1=" " ind2=" " tag="080"><subfield code="a">51</subfield></datafield><datafield ind1=" " ind2=" " tag="100"><subfield code="a">Fraisse, Roland</subfield></datafield><datafield ind1=" " ind2=" " tag="245"><subfield code="a">Cours de logique mathematique. relation, formule logique, compacite completude</subfield></datafield><datafield ind1=" " ind2=" " tag="260"><subfield code="a">Paris, Gauthier-villars, 1967. Xii + 186 P</subfield></datafield><datafield ind1=" " ind2=" " tag="490"><subfield code="a">Collection De Logique Mathematique, A.Xxiii</subfield></datafield><datafield ind1=" " ind2=" " tag="852"><subfield code="a">29717</subfield></datafield></record></collection>